


@article{vae,
  title={Auto-Encoding Variational Bayes},
  author={Diederik P. Kingma and Max Welling},
  journal={CoRR},
  year={2013},
  volume={abs/1312.6114}
}

@inproceedings{bvae,
  title={beta-VAE: Learning Basic Visual Concepts with a Constrained Variational Framework},
  author={Irina Higgins and Lo{\"i}c Matthey and Arka Pal and Christopher Burgess and Xavier Glorot and Matthew M Botvinick and Shakir Mohamed and Alexander Lerchner},
  booktitle={ICLR},
  year={2017}
}
@article{bvae-dis,
  title={Understanding disentangling in beta-VAE},
  author={Christopher P. Burgess and Irina Higgins and Arka Pal and Lo{\"i}c Matthey and Nick Watters and Guillaume Desjardins and Alexander Lerchner},
  journal={ArXiv},
  year={2018},
  volume={abs/1804.03599}
}




